@inproceedings{CRDT,
    author = {Shapiro, Marc and Preguiça, Nuno and Baquero, Carlos and Zawirski, Marek},
    year = {2011},
    month = {07},
    pages = {386-400},
    title = {Conflict-Free Replicated Data Types},
    volume = {6976},
    journal = {Lecture Notes in Computer Science - LNCS},
    doi = {10.1007/978-3-642-24550-3_29}
}

@inproceedings{YATA,
    author = {Nicolaescu, Petru and Jahns, Kevin and Derntl, Michael and Klamma, Ralf},
    year = {2016},
    month = {11},
    pages = {39-49},
    title = {Near Real-Time Peer-to-Peer Shared Editing on Extensible Data Types},
    doi = {10.1145/2957276.2957310},
}

@inproceedings{Lamport,
    author = {Leslie Lamport},
    year = {1978},
    pages = {558-565},
    title = {Time, clocks, and the ordering of events in a distributed system},
    doi = {10.1145/359545.359563},
}

@misc{Win10Req,
    title = "Windows 10 system requirements [Электронный ресурс]",
    howpublished = {// URL: \url{https://support.microsoft.com/en-us/help/4028142/windows-10-system-requirements}},
    note = "(Дата обращения: 15.05.2020, режим доступа: свободный)"
}

@misc{AndroidReq,
    title = "Android 8.0 Compatibility Definition  [Электронный ресурс]",
    howpublished = {// URL: \url{https://source.android.com/compatibility/8.0/android-8.0-cdd.pdf}},
    note = "(Дата обращения: 15.05.2020, режим доступа: свободный)"
}

@misc{FastIncrementalLayout,
    title = "FastIncrementalLayout  [Электронный ресурс]",
    howpublished = {// URL: \url{https://github.com/microsoft/automatic-graph-layout/blob/master/GraphLayout/MSAGL/Layout/Initial/InitialLayout.cs}},
    note = "(Дата обращения: 15.05.2020, режим доступа: свободный)"
}

@misc{MSAGL,
    title = "Microsoft Automatic Graph Layout [Электронный ресурс]",
    howpublished = {// URL: \url{https://github.com/microsoft/automatic-graph-layout}},
    note = "(Дата обращения: 15.05.2020, режим доступа: свободный)"
}
@misc {SkiaSharp, title="SkiaSharp [Электронный ресурс]",howpublished = {// URL: \url{https://github.com/mono/SkiaSharp}},
note = "(Дата обращения: 15.05.2020, режим доступа: свободный)"
}

@misc{Uno,
    title = "Uno Platform  [Электронный ресурс]",
    howpublished = {// URL: \url{https://platform.uno/}},
    note = "(Дата обращения: 15.05.2020, режим доступа: свободный)"
}

@misc{UWP,
    title = "UWP  [Электронный ресурс]",
    howpublished = {// URL: \url{https://docs.microsoft.com/ru-ru/windows/uwp/get-started/universal-application-platform-guide}},
    note = "(Дата обращения: 15.05.2020, режим доступа: свободный)"
}

@misc{gost1,
    title = "ГОСТ 19.101-77 Виды программ и программных документов. //Единая система программной документации. – М.: ИПК Издательство стандартов, 2001."
}

@misc{gost2,
    title = "ГОСТ 19.103-77 Обозначения программ и программных документов. //Единая система программной документации. – М.: ИПК Издательство стандартов, 2001"
}

@misc{gost3,
    title = "ГОСТ 19.102-77 Стадии разработки. //Единая система программной документации. – М.: ИПК Издательство стандартов, 2001."
}
@misc{gost4,
    title = "ГОСТ 19.104-78 Основные надписи. //Единая система программной документации. – М.: ИПК Издательство стандартов, 2001."
}
@misc{gost5,
    title = "ГОСТ 19.105-78 Общие требования к программным документам. //Единая система программной документации. – М.: ИПК Издательство стандартов, 2001."
}
@misc{gost6,
    title = "ГОСТ 19.106-78 Требования к программным документам, выполненным печатным способом. //Единая система программной документации. – М.: ИПК Издательство стандартов, 2001"
}
@misc{gost7,
    title = "ГОСТ 19.404-79 Пояснительная записка. Требования к содержанию и оформлению. //Единая система программной документации. – М.: ИПК Издательство стандартов, 2001."
}